02RETORNO01COBRANCA       00000000000004807714EMPRESA DE TESTE1             237BRADESCO       0610150160000000028                                                                                                                                                                                                                                                                          071015         000001
1020895529700015000000090660800050008                         00000000000000000429000000000000000000000000090206101548-1      00000000000000000429201015000000006939123704158  000000000013000000000000000000000000000000000000000000000000000000000000000000000000000000000000000000000000000000000                          0000000000                                                                  000002
1020895529700015000000090660800050008                         00000000000000000437000000000000000000000000090206101549-1      00000000000000000437201015000000003805023704158  000000000013000000000000000000000000000000000000000000000000000000000000000000000000000000000000000000000000000000000                          7600000000                                                                  000003
1020895529700015000000090660800050008                         00000000000000000453000000000000000000000000090206101553-1      00000000000000000453201015000000002845023704144  000000000013000000000000000000000000000000000000000000000000000000000000000000000000000000000000000000000000000000000                          0000000000                                                                  000004
1020895529700015000000090660800050008                         0000000000000000047P000000000000000000000000090206101556-1      0000000000000000047P201015000000013705023704144  000000000013000000000000000000000000000000000000000000000000000000000000000000000000000000000000000000000000000000000                          0000000000                                                                  000005
1020895529700015000000090660800050008                         00000000000000000488000000000000000000000000090206101557-1      00000000000000000488201015000000022805023704157  000000000013000000000000000000000000000000000000000000000000000000000000000000000000000000000000000000000000000000000                          0000000000                                                                  000006
1020895529700015000000090660800050008                         00000000000000000496000000000000000000000000090206101558-1      00000000000000000496201015000000003745023704157  000000000013000000000000000000000000000000000000000000000000000000000000000000000000000000000000000000000000000000000                          0000000000                                                                  000007
1020895529700015000000090660800050008                         00000000000000000526000000000000000000000000090206101561-1      00000000000000000526201015000000000500023704157  000000000013000000000000000000000000000000000000000000000000000000000000000000000000000000000000000000000000000000000                          0000000000                                                                  000008
1020895529700015000000090660800050008                         00000000000000000534000000000000000000000000090206101562-1      00000000000000000534201015000000000500023706608  000000000013000000000000000000000000000000000000000000000000000000000000000000000000000000000000000000000000000000000                          0000000000                                                                  000009
1020895529700015000000090660800050008                         00000000000000000542000000000000000000000000090206101563-1      00000000000000000542201015000000000500023704144  000000000013000000000000000000000000000000000000000000000000000000000000000000000000000000000000000000000000000000000                          7600000000                                                                  000010
1020895529700015000000090660800050008                         00000000000000000550000000000000000000000000090206101564-1      00000000000000000550201015000000000250023704144  000000000013000000000000000000000000000000000000000000000000000000000000000000000000000000000000000000000000000000000                          0000000000                                                                  000011
1020895529700015000000090660800050008                         00000000000000000569000000000000000000000000090206101565-1      00000000000000000569201015000000000675023704157  000000000013000000000000000000000000000000000000000000000000000000000000000000000000000000000000000000000000000000000                          0000000000                                                                  000012
1020895529700015000000090660800050008                         00000000000000000577000000000000000000000000090206101566-1      00000000000000000577201015000000000500023704157  000000000013000000000000000000000000000000000000000000000000000000000000000000000000000000000000000000000000000000000                          7600000000                                                                  000013
1020895529700015000000090660800050008                         00000000000000000585000000000000000000000000090206101567-1      00000000000000000585201015000000001145023704157  000000000013000000000000000000000000000000000000000000000000000000000000000000000000000000000000000000000000000000000                          0000000000                                                                  000014
1020895529700015000000090660800050008                         00000000000000000593000000000000000000000000090206101568-1      00000000000000000593201015000000000900023704144  000000000013000000000000000000000000000000000000000000000000000000000000000000000000000000000000000000000000000000000                          0000000000                                                                  000015
1020895529700015000000090660800050008                         00000000000000000607000000000000000000000000090206101569-1      00000000000000000607201015000000001170023704157  000000000013000000000000000000000000000000000000000000000000000000000000000000000000000000000000000000000000000000000                          7600000000                                                                  000016
1020895529700015000000090660800050008                         00000000000000000615000000000000000000000000090206101570-1      00000000000000000615201015000000000500023704144  000000000013000000000000000000000000000000000000000000000000000000000000000000000000000000000000000000000000000000000                          0000000000                                                                  000017
1020895529700015000000090660800050008                         00000000000000000623000000000000000000000000090206101571-1      00000000000000000623201015000000000500023704144  000000000013000000000000000000000000000000000000000000000000000000000000000000000000000000000000000000000000000000000                          0000000000                                                                  000018
1020895529700015000000090660800050008                         0000000000000000064P000000000000000000000000090206101573-1      0000000000000000064P201015000000000585023704157  000000000013000000000000000000000000000000000000000000000000000000000000000000000000000000000000000000000000000000000                          0000000000                                                                  000019
1020895529700015000000090660800050008                         00000000000000000658000000000000000000000000090206101574-1      00000000000000000658201015000000001575023704157  000000000013000000000000000000000000000000000000000000000000000000000000000000000000000000000000000000000000000000000                          0000000000                                                                  000020
1020895529700015000000090660800050008                         00000000000000000666000000000000000000000000090206101575-1      00000000000000000666201015000000000850023704144  000000000013000000000000000000000000000000000000000000000000000000000000000000000000000000000000000000000000000000000                          7600000000                                                                  000021
1020895529700015000000090660800050008                         00000000000000000674000000000000000000000000090206101576-1      00000000000000000674201015000000000675023704157  000000000013000000000000000000000000000000000000000000000000000000000000000000000000000000000000000000000000000000000                          7600000000                                                                  000022
1020895529700015000000090660800050008                         00000000000000000682000000000000000000000000090206101577-1      00000000000000000682201015000000003280723704157  000000000013000000000000000000000000000000000000000000000000000000000000000000000000000000000000000000000000000000000                          7600000000                                                                  000023
1020895529700015000000090660800050008                         00000000000000000690000000000000000000000000090206101578-1      00000000000000000690201015000000000750023704157  000000000013000000000000000000000000000000000000000000000000000000000000000000000000000000000000000000000000000000000                          7600000000                                                                  000024
1020895529700015000000090660800050008                         00000000000000000704000000000000000000000000090206101579-1      00000000000000000704201015000000000500023704144  000000000013000000000000000000000000000000000000000000000000000000000000000000000000000000000000000000000000000000000                          0000000000                                                                  000025
1020895529700015000000090660800050008                         00000000000000000712000000000000000000000000090206101580-1      00000000000000000712201015000000000500023704157  000000000013000000000000000000000000000000000000000000000000000000000000000000000000000000000000000000000000000000000                          7600000000                                                                  000026
1020895529700015000000090660800050008                         00000000000000000720000000000000000000000000090206101581-1      00000000000000000720201015000000000500023704157  000000000013000000000000000000000000000000000000000000000000000000000000000000000000000000000000000000000000000000000                          0000000000                                                                  000027
1020895529700015000000090660800050008                         00000000000000000739000000000000000000000000090206101582-1      00000000000000000739201015000000000630023704144  000000000013000000000000000000000000000000000000000000000000000000000000000000000000000000000000000000000000000000000                          0000000000                                                                  000028
1020895529700015000000090660800050008                         00000000000000000747000000000000000000000000090206101583-1      00000000000000000747201015000000000500023704144  000000000013000000000000000000000000000000000000000000000000000000000000000000000000000000000000000000000000000000000                          0000000000                                                                  000029
1020895529700015000000090660800050008                         00000000000000000763000000000000000000000000090206101586-1      00000000000000000763201015000000000500023704144  000000000013000000000000000000000000000000000000000000000000000000000000000000000000000000000000000000000000000000000                          0000000000                                                                  000030
1020895529700015000000090660800050008                         00000000000000000798000000000000000000000000090206101590-1      00000000000000000798201015000000000650023704157  000000000013000000000000000000000000000000000000000000000000000000000000000000000000000000000000000000000000000000000                          0000000000                                                                  000031
1020895529700015000000090660800050008                         0000000000000000046P000000000000000000000000090306101555-1      0000000000000000046P201015000000010696023704144  000000000000000000000000000000000000000000000000000000000000000000000000000000000000000000000000000000000000000000000                          0800000000                                                                  000032
1020895529700015000000090660800050008                         0000000000000000063P000000000000000000000000090306101572-1      0000000000000000063P201015000000000450023704157  000000000000000000000000000000000000000000000000000000000000000000000000000000000000000000000000000000000000000000000                          0800000000                                                                  000033
1020895529700015000000090660800050008                         0000000000000000077P000000000000000000000000090306101587-1      0000000000000000077P201015000000001025023704158  000000000000000000000000000000000000000000000000000000000000000000000000000000000000000000000000000000000000000000000                          0800000000                                                                  000034
1020895529700015000000090660800050008                         0000000052440000012500000000000000000000000009060610151025      00000000524400000125061015000000000200034103129  000000000000000000000000000000000000000000000000000000000000000000000000000000000000000200000000000000000000000000000   071015             00000000000000                                                                  000035
1020895529700015000000090660800050008                         00000000000000000402000000000000000000000000091006101541-1      00000000000000000402201015000000000400023700000  000000000000000000000000000000000000000000000000000000000000000000000000000000000000000000000000000000000000000000000                          0000000000                                                                  000036
9201237          000001140000000404417300000028          00030000000724798000000002000000010000000020000000100000000400000000000000000000000000000000000000000000000000000000000000000000000                                                                                                                                                                              00000000000000000000000         000037
